1748 2464
1158 211 55 76 97

435 213 361 64 APOTHEOSIS

86 268 934 79 Nunc, ope diuina, quoniam me ſentio rurſum

88 332 840 70 Corporis & uires animi cœpiſſe priores,

88 390 795 61 Et mea tam læto tentari pectora motu,

90 435 879 68 Quam non Icaris eſt lthaco lætata reuerſo.

90 496 865 62 Nam citius dicto pelagi ceu rector, abactis

98 546 859 63 Ventis, compoſuit fluctus, ſolem refecit,

88 599 932 70 Dum Phrygius Lybico rex iactabatur in alto:

90 652 852 66 Sic ſubito, mirum auditu, mirum relatu,

92 706 943 68 Me quo tempeſtas animi amandata reliquit.

92 759 1011 74 Sic etenim procul omnis iniqua moleſtia pulſa eſt

98 817 929 59 Vt paulo ante dolor fuerit non tantus, Eraſmi

92 868 951 70 Exceſſus, nunc eſt idem mihi quanta uoluptas.

90 924 926 69 His igitur cauſis, & quod ſum ſcribere iuſſus,

94 977 824 66 Et mihi uiſa ſoporato & commiſſa, fideli

94 1028 815 70 Exequar officio. Vos qui miracula rara

94 1084 826 61 Suſpicitis rerum, nobis pauliſper adeſte,

92 1137 856 64 Et ſimul attentas aures & iungite mentes.

96 1190 844 64 Incipio nec uos longo ſermone morabor.

92 1246 879 68 Ante diu mea mens & non inſomnia uana,

96 1293 859 68 Quam fierem certus, prædicere uiſa fuere,

96 1349 902 69 Lux quod Apollinei longe clariſſima cœtus

96 1402 766 68 Iuri naturæ iam conceſſiſſet Eraſmus

94 1457 840 62 Luce ſua orbatus, ceu ſolis lumine lumen

94 1509 908 70 Dum crucifer uitam ſeruator morte redemit.

96 1564 881 70 Aſt ubi uera meas iam perueniſſet ad aures

94 1615 970 68 Fama, diem quæ ſupremum loqueretur Eraſmo

96 1669 949 68 Expletum, ſubito uehemens mea uiſcera terror

96 1722 740 64 Inuaſit, ſeſe medullis miſcuit imis.

104 1776 939 63 Tantus erat luctus, quantus non torſerat olim

98 1827 760 74 Heliades dum fraterna doluere ruina

98 1887 873 67 Et ſua populeis mutarunt corpora truncis.

98 1938 1044 107 Aut Nioben, aut Halcyonen, quarum altera ſaxum

1000 1993 224 87 n Induit
