1748 2464
948 213 364 68 APOTHEOSIS

527 215 83 66 100

525 266 890 81 Ore ſuo graue ſacrilegos culparet ob auſus,

525 328 771 70 Et diuina Euangelicæ myſteria cauſæ

525 383 929 72 Diuulganda mihi gentes mandaret in omnes,

525 449 845 54 Ex quo dicor earundem cognomine trito

525 486 1097 82 Doctor: & hic (ſtantem extento ſimul indice monſtrat

529 546 904 67 Ternum à ſe numero) ſacrati nominis heros

525 607 910 60 Euſebio patre Dalmaticis prognatus in oris.

525 652 812 64 Huc ad te Rex ſyderea cœleſtis ab aula,

523 704 890 76 Nos geminos teſtes pro diuo miſit Eraſmo,

525 757 935 74 Huius ut extremum poſſis differre per orbem

525 811 869 65 Indicio noſtro, præclaram numine ſortem,

527 868 1027 68 Quod ſit ad Ambroſias epulas Nectar perhenne

525 919 892 76 Admiſſus nouus æterni conuiua Tonantis

525 981 992 64 Proximus accumbens gratiſſimus aduena nobis

525 1028 990 72 Inter & hunc & me medius, nos ordine quo iam

529 1090 890 53 Coràm ſtare uides, ſupera regione ſedemus.

527 1133 1005 74 Hic, rurſum digito oſtendens Hieronymon, annis

527 1186 865 64 Iuxta me ſedem tenuit plus mille, ſed ultro

527 1240 906 72 Nunc multum ſibi dilecto conceſſit Eraſmo.

532 1291 879 74 Cur faciat, quid ſe moueat, reſpondeat ipſe.

529 1349 958 69 Ad quem tum docta ſic Dalmata uoce locutus.

529 1406 904 62 Paule docet nos res maioribus ipſa minores

527 1453 945 70 Debere & meritum deferre libenter honorem.

527 1503 816 73 Eſto locus fuerit, ſummi ſapientia patris

525 1558 941 76 Dum tulit, iſte meus, ſed poſt nomine maior

527 1611 808 70 Et meritis me ſurrexit, me cedere fas eſt

527 1665 921 74 Illi qui non noſtra modo monumenta recepit

527 1716 843 74 E tenebris, carie, mendis, ſquallore, ſitu:

534 1767 885 76 Verumetiam multo iam lucidiora leguntur

525 1819 982 76 Eius ope inſigni, quàm quondam ſcripta reliqui.

527 1884 923 66 Sed quid plura, fuit Chriſto creſcente neceſſe

515 1932 941 88 Hunc minui qui uelabat ſua membra camelo.

1497 1989 158 76 His ta/
