1748 2464
936 213 362 66 APOTHEOSIS

527 213 87 68 108

529 266 767 87 Ipſe cum diuis alljs ueſtigia Chriſti

529 334 719 66 Sectatis, duodena Iſraelitica iudex

532 394 790 61 Agmina cenſebit ſolio ſeſſurus in alto.

532 445 1033 60 Quod tamen hic nobis hoc ſemper habebitur orbe

534 496 969 70 Quo tam nos, quàm poſteritas uentura fruetur,

534 552 883 68 Donec erit Phaetontæi globus aureus aſtri

532 605 836 62 Et conſtans inconſtantis uariantia lunæ,

534 655 918 78 Dijs ſuperis merito ſacros faciamus honores.

1014 761 171 70 FINIS.

603 928 990 69 DE POCVLO PAVLI VOLSII, QVOD

702 979 789 68 ab Eraſmo Roterodamo dono accepit

836 1036 540 64 VIII Feb. Epigramma D.

961 1088 273 63 Ioan. Sapidi.

538 1195 809 67 Eſt phiale tua tum fabro uigilata perito,

599 1246 791 70 Auro at argento tum precioſa nimis.

540 1301 832 70 Materia fateor ſpectabile munus & arte,

595 1355 898 76 Quod daret Satrapes, acciperet potens.

540 1406 1033 68 Sed quiſnam neget eſſe nihil quæ magna uidentur,

593 1466 583 61 Si largitori conferat illa tuo ?

540 1513 986 66 Ad cuius minimam rerum quibus erudit orbem

599 1568 764 66 Particulam nil ſunt totius orbis opes,

544 1622 955 63 Cuius item famam extinguet non ulla uetuſtas

612 1677 805 64 Vt quam poſteritas cuncta futura colet.

540 1730 854 66 Magni non igitur facies ex dote datorem,

599 1780 834 68 Quin dos ex dante eſt magnificanda ſuo.

544 1841 984 68 Attamen, ut reor, hæc arctum deſignat amorem,

601 1891 894 65 Quo tecum præſens ſemper Eraſmus adeſt.

546 1938 865 109 Ergo cum calici iungis tua labra memento

1548 1995 113 93 Hunc
