1748 2464
1140 229 51 62 99

371 221 226 68 ERASMI

63 277 849 74 Ob cuius te falſa tenet perſuaſio mortem,

65 344 910 66 Quum potius uera iam tandem luce fruatur:

67 398 921 68 Cui collata prior, quam te quo uiuere reris,

69 445 882 64 Nec non mortales uos creditis eſſe beatam,

69 498 951 68 Non tanti eſt, quanti, reſpectu corporis umbra.

71 554 869 62 Quinetiam mortem, non uitã dixeris iſtam

71 605 847 72 In qua tot, miſeros, & tanta pericula nullo

69 657 997 71 Fine premunt homines, non mille ego millia dico

67 712 962 72 Morborum genera infirmum uexantia corpus,

69 765 896 66 Non alia externis incommoda caſibus orta:

69 823 935 61 Sed mala quæ fœdant prauis adfectibus intus

76 874 963 64 Captam corporeis tenebris & carcere mentem,

73 924 958 71 Fœdatam occidunt, occiſam in tartara mittunt:

78 979 842 70 Vt ſunt ira, odium, faſtus, uindicta, libido,

73 1028 804 70 Luxus, auaritia, impietas, & talia multo

71 1084 873 74 Plurima, quæ non narrari præſentia poſcit,

73 1139 900 66 Et quæ ſunt ſatis ex noſtris tibi nota tabellis,

76 1195 981 69 Quas paſſim ad uarias olim tranſmiſimus urbes.

71 1242 785 70 Nam ne te iugis tua lamentatio totum

84 1299 879 76 Viribus exhauſtum frangat, ſolaminis ergo

76 1353 922 69 Adſumus, affectu ut te exoneremus acerbo

76 1406 973 74 Pectoris, imprimis tamen ut quæ cernis & audis

82 1459 936 76 Vulges, quo reſciant terra & lætentur in omni

76 1515 1041 66 Quotquot Eraſmiacorum aura ueſcuntur amicum,

76 1568 809 64 At tibi ne ſit opus ſcitari, ſponte fatebor

78 1618 840 65 Ipſe mea, quæ te non ignorare neceſſe eſt.

78 1671 885 68 En ego ſum Paulus multo ſæuiſſimus hoſtis

76 1726 690 66 Illis qui ſpreto ritu pietatis auitæ,

78 1780 1000 70 Legirupæ, ut rebar, dederant ſua nomina Chriſto

78 1831 895 68 Sed prius is  fulmineo me lumine cinctum

78 1884 910 76 Horrentem Damaſceno proſterneret agro,

82 1944 875 86 At aciem ſtimuli pungentem calce retuſo

868 1999 339 85 n 2 Ore ſuo
