1748 2464
552 593 77 2 S

544 1926 879 92 Ad teſtudinea octipedis curuamina Cancri.

1512 1977 153 98 Nunc

540 193 55 88 96

546 264 1126 122 ERASMVS, SIVE APO¬

712 353 783 90 THEOSIS ERASMI, IOANNE

938 406 321 88 Sapido autore.

612 486 975 76 I totidem linguas moueam, quot dicitur Argus

634 540 890 69 Luminibus quondam paſtor Iunonius uſus,

544 593 973 72 Non illis tamen immenſum memorare dolorem

536 640 971 76 Poſſem, quo mortem propter cruciabar Eraſmi,

538 698 914 65 Ante mihi quàm cœleſti medicamen ab arce

538 753 926 66 Quod me momento totum reparauit, adeſſet.

534 804 881 66 Nam niſi ſic mihi cauiſſet clementia diuum

534 860 924 72 Aut mea membra ſepulchrali iam ſede locata

534 911 951 66 Putrerent, gratam darent ſe uermibus eſcam,

534 965 891 67 Morte uel ex morbo nata, uel ſponte petita:

536 1018 875 66 Aut quod ſi neutra licuiſſet reddere uitam,

534 1071 825 68 Et mihi perpetuo triſtis ducenda fuiſſet,

534 1123 1004 78 Quis fons tam plenas ſcatebras eructat aquarum

538 1174 827 70 Quæ noſtris ſuffeciſſent ita largiter oclis

536 1229 760 68 Materiam fletus, ut dignè ritè ſatis

536 1283 912 74 Hoc præmaturum, hoc & ineluctabile funus

536 1336 881 66 Defleſſem: præmaturum uoco funus, an ille

536 1394 895 63 Non æquo citius morti occubuiſſe uidetur,

536 1445 947 66 Aut magis at infans mox ipſo in limine uitæ,

538 1494 895 76 Si quo Neſtoreum uixiſſet ſæpius æuum,

538 1556 871 64 Qui tot ob egregias dotes claros labores

536 1601 858 66 Liber morborum debebat & eſſe ſenectæ:

538 1654 959 76 Quin in quem penitus nil iuris habere decebat

538 1714 934 60 Omnia uaſtantes graſſante tyrannide parcas?

534 1755 926 74 Ne quis forte putet, uitæ quod curſus Eraſmi

538 1817 793 63 Sat longus fuerit, ferri quia uiderit ipſe

538 1862 947 72 Plus ſeptem uicibus decies Hyperiona ſurſum
