1748 2464
1144 234 81 53 103

456 217 228 68 ERASMI

73 275 843 74 Mortales ſi flere iuuat uos lumine caſſos,

73 334 822 64 Lumine uos ipſos uero deflete carentes,

78 388 940 67 Quorum miratur malus & complectitur error

76 445 868 68 Mortem pro uita, cæcas pro luce tenebras.

76 498 891 68 Pone igitur ſæuos luctus mentem reſume,

76 554 764 62 Et gratare meis lætus ſucceſſibus. iſta

80 605 840 66 Dicentis faciem miro fulgore choruſcam

78 661 856 63 Rectis ac firmis oculis non ferre ualebam.

86 710 830 64 Vt qui Phœbæo ſua lumina dirigit aſtro,

80 763 846 72 Auricomis uiſum radijs diffuſus hebeſcit.

82 827 971 57 Aut ſiquis manibus cuiquam ſituláue liquorem

88 874 1006 64 Vel cinerem offundens oculare retundat acumen:

78 930 815 61 Sic aciem pupillarum nitor ille mearum

80 985 856 58 Cimmeria perſtringebat caligine preſſam.

78 1030 992 74 Huic nihil, ut reliquis, reſpondeo, ſum tamen una

80 1092 877 59 Compellare uiros his uiſus uocibus. O uos

80 1137 733 68 O uos o animæ felices ducite me me

78 1190 971 66 Ducite me comitem, laribus adiungite ueſtris.

80 1246 901 64 Geſtio uobiſcum poſitis diſcedere membris,

80 1307 916 58 At frui minima ueſtrorum parte bonorum.

78 1355 1020 63 Paulus plura loqui prohibens me, protinus inquit,

88 1406 900 70 Tempus erit, quo ſydereos habitare penates

80 1457 850 64 Continget tibi, ſed nullis mortalibus iſtud

80 1515 774 59 Scire datur, niſi ſelectis diuinitus, ergo

90 1564 826 66 Tu fac unitriplex toto de pectore numen

80 1618 922 67 Et quemuis hominem ceu te dilexeris ipſum:

84 1675 875 66 Quæ duo totius nucleus ſunt legis, ad aſtra

78 1726 873 68 His itur ducibus, cœli petuntur honores.

78 1782 821 66 Dixit & inter ſe collato murmure paruo

78 1831 895 66 Nec mihi percepto, propius ſunt cedere uiſi

76 1889 975 67 Ad lectum, ſimul & manibus me tangere parcis,

78 1938 702 98 Et ſic ſublatis oculis ad ſydera fari.

1018 1995 181 85 Summe
