1748 2464
838 213 386 62 APOTHEOSIS

525 221 87 52 102

529 268 804 76 Vnde dies toto plus menſe fuére ſereni

521 328 925 78 Hunc prius exueret quàm pars obnoxia læto,

521 392 888 65 Et totidem ſimili micuere nitore ſequentes,

521 439 935 74 Poſtquam ſtellantis rerum potiretur Olympi.

519 498 935 62 Nec mirum, quoniam euentus præſaga futuri

521 544 1005 72 Signa animas plerun ſolent præcedere magnas,

521 601 824 64 Membra relicturas poſcenti debita fato,

519 652 824 64 Naturæ ſuæ ſubituras congrua regna.

519 706 1003 76 Hæc mihi commemoranda, tibi ſcienda putaui,

519 770 789 53 Illius ut tempeſtatis non cauſa lateret,

521 813 879 65 Qua tantos ueſtro ſenſiſtis in orbe calores.

519 866 920 70 Finijt, at loqui pariter mihi iuſſit Eraſmum.

517 917 853 66 Is tali mox increpitans me uoce profatur.

519 973 939 65 Quid ſibi uult amens hæc comploratio noſtri ?

519 1024 949 78 Quid te tot lachrymis & tot maleſane querelis

519 1078 830 67 Conficis, & laxas creſcenti frena dolori ?

517 1133 892 64 Aſpice me, uideor ne tibi ſine munere lucis ?

517 1190 929 66 Aut magis è fœdo in uitam redijſſe ſepulchro

523 1240 972 70 Quum poſui quod me corpus mortale tenebat ?

519 1289 1058 72 Finge quod ob capitale nephas me carcere uinctum

519 1344 826 70 Eripiat quiſ, non tu gaudebis amicum

519 1398 998 68 Carnificis fugiſſe manum, mortem pudendam ?

519 1449 916 68 Cur non officium præſtas iam plenius illud ?

519 1503 920 65 Cum de carceribus mille & de mille cruentis

519 1556 996 66 Carnificum manibus, mille & de mortibus huius

519 1609 849 64 Ereptus mundi uitam nunc dego beatam,

523 1661 771 65 Vitam delicias & cuius gaudia, nullo

519 1714 900 74 Interitura die, linguarum quicquid ubi eſt

519 1769 970 74 Et fuit, eſt & uenturum, non exprimet unquam,

529 1823 947 68 Vitam nullius aut oculis aut auribus hauſtam,

521 1870 904 74 Hoc quam more tuo, non me lugere uideris,

521 1923 861 97 In uidere mihi ſortem crudelis opimam.

1439 1987 214 86 Mortales
