1748 2464
893 213 362 66 APOTHEOSIS

544 213 88 62 106

550 273 850 74 Vos age qui paſſim ſpacioſo uiuitis orbe,

546 328 961 76 Quis fuit & nunc eſt uenerabile nomen Eraſmſ,

548 381 885 72 Vera cano uobis, mihi credite uera canenti,

542 437 764 64 Ille hodie cœlo mortalia deſpicit alto.

546 488 928 68 Quem prius in terris igitur coluiſtis agentem,

540 544 955 67 Nunc cœli indigetem templo celebretis & aris.

544 597 932 70 Et uos qui miſere charum mœretis Eraſmum,

544 655 877 67 Læta cano uobis, mihi credite læta canenti,

542 706 768 61 Regia ciue illo magni lætatur olympi,

542 759 897 64 Et dulces uocum iaculatur in æthera cantus.

546 811 996 61 Triſtia & lachrymis in amœnam ponite frontem,

540 862 764 66 Et feſtos agitate dies, & dicite uerſus.

546 915 877 64 Verſentur manibus nocturnis at diurnis,

538 973 803 59 Illius illa ſatis laudata uolumina nun,

538 1024 986 68 In quibus eſt, uiuit, loquitur, facit omnia præſens

546 1078 850 65 Vobiſcum, uos inſtituens alit atq ſaginat,

540 1131 795 61 Omnis doctrinæ potu cibo ſalubri.

538 1186 807 64 Præterea uecors liuor quos fecit Eraſmi

540 1234 788 67 Eximias dotes & præſtantiſſima facta,

538 1287 881 66 Anguibus & peius rabidis odiſſe moloſſis,

538 1342 969 68 Mœſta cano uobis, mihi credite mœſta canenti,

536 1398 819 68 Ille polo ſedet, & multa mercede beatus

540 1459 926 58 Concilio diuum placet & ueneratur ab omni.

536 1503 848 69 Ludit & irridet, ſtudijs exemptus iniquis,

525 1564 793 58 Inconſulta uenenoſæ conuitia linguæ,

538 1609 869 66 Scripta nil niſi Sicelides ſpirantia gerras.

542 1661 830 65 Vos manet horribilis ſupremi iudicis ira

542 1712 852 68 Tam ſacroſancto capiti aduerſarier auſos:

536 1772 1000 71 Quæ quo lenta magis uindictam prorogat ultrix,

534 1819 955 80 Hoc commiſſa premet grauiori crimina pœna.

540 1874 996 74 Vel magis omnicreatorem dare ſemper auentem

536 1932 815 94 Suppliciter ueniam ueſtris orate piaclis,

1456 1979 207 117 Et ſaltem
