1748 2464
967 221 357 56 APOTHEOSIS

548 229 94 62 104

540 283 848 66 Summe pater, qui cœleſti regione relicta,

540 338 830 64 Huc nos iuſſiſti ſubito deſcendere lapſu,

542 392 1029 65 Quæſumus his noſtris precibus clementer adeſto,

540 445 825 70 Et famulo dignere tuo, languore fugato,

542 503 1021 61 Quo miſere amiſſum propter torquetur amicum,

542 550 984 66 Corporis at animi ſubtractum reddere robur:

546 603 932 70 Vt pia te mente deum colat, at ſupremum

538 657 930 71 Poſt actum uitæ iniuncto ſibi munere functæ

538 712 930 68 Inter nos habitet pars non poſtrema tuorum.

538 761 1082 70 Per Chriſtum dominũ noſtrum, qui tempus in omne

540 825 877 59 Cum ſacro deus eſt unus ſpiramine tecum.

544 872 873 72 Vix hæc orarant terra polo potentem,

540 921 977 72 Cum ſubitò clarè reſponſum eſt cœlitus, Amen.

538 979 774 66 His ſic exactis, ter me ſuper ore ſoluto

536 1034 903 70 Viuificum miſére halitum, toties figuram

548 1082 957 71 Formarunt crucis, & fuit hȩc uox ultima Pauli.

540 1143 854 66 Iam reparate tibi, noſtri iuſſi memento.

538 1197 836 59 Me ualedicto, mox ſeſe ſcindere uiſum

538 1250 967 66 In geminas partes laquear, quo ſubter habebar,

534 1303 932 60 Vt mare Erithræum quondam ſeceſſit in alta

538 1351 973 76 Hinc illhinc latera, & populo data regna petenti

536 1408 918 64 Se ſiccum præbebat iter: ſic grande per ampli

536 1461 930 68 Os tecti tres ſurſum illos properare uidebam.

540 1511 1045 76 Quos ego dum uiſu ſequor, innumerabilis omnem

540 1579 873 57 Alatus cœtus Geniorum perſonat auram,

542 1622 893 63 Omnia demulcens huius dulcedine cantus.

542 1671 922 72 Gloria in excelſis tribuatur ſumma Tonanti.

538 1728 862 64 Ecce beatorum quæ ſit concordia fratrum

544 1782 976 66 Quàm bona, quàm iucunda, pio  plena fauore.

542 1835 949 68 Qui terram iuuat & cœlum cum talibus ornat,

540 1889 920 63 Gloria in excelſis tribuatur ſumma Tonanti.

538 1936 1060 94 Hæc inter, mea magna quidem, ſed neſcio quænam

1575 2002 97 69 Vox
