1748 2464
1125 166 70 123 109

123 271 877 84 Hunc tibi ſic iunctum pectus habere ſuum.

73 322 785 74 Forte ſibi nota eſt ſupremæ linea uitæ,

135 379 867 72 Quam norunt ſoli quos deus æquus amat.

78 429 854 82 Et poſt fata ſuis uult eſſe ſuperſtes amicis,

129 494 819 66 Exempli monitus non ſine more grauis.

92 531 1074 93 Quid ſcyphus ? An non abſentis præſentia Chriſti eſt,

137 593 879 80 Quem ſacræ cœnæ myſticus haurit homo ?

82 642 881 86 Forſan & hæc miſſi quo ſignificatio uaſis

141 704 762 66 Quæ mihi nequa prætereunda fuit.

84 755 918 74 Ceu uas Harmonia διὰ πασω̃ν reddit eadem

141 809 920 69 Cum pulſum plenum, pulſum & inane ſonat.

88 862 850 76 Nempe ſoni ſunt diuerſi tenuis grauis

141 919 777 66 Aures concentu uox tamen una ferit.

86 971 891 70 Sic duo uos unus, tu pauper egens, ſerena

145 1024 791 68 Ille tibi, potuit quod dare, fronte dedit.

96 1073 863 70 Vnit enim nil diuerſæ mage ſortis amicos,

154 1131 844 64 Quàm ſi qui potior det, quibus alter eget.

88 1182 953 70 Hinc cyathus ſeu ſit uacuus ſeu uite redundans

147 1242 762 61 Eſſe duos unum uos meminiſſe uelis.

104 1287 947 78 Quid quæris Volſi ? Sua ſunt myſteria Eraſmo:

145 1344 773 85 Nam niſi cum magna nil ratione facit.

349 1443 622 80 ANNO M. D. XXXVI.

162 1609 1000 70 DE MORTE ERASMI ROT. AD AN/

320 1663 682 74 dream Critium Archiepiſcopum

515 1728 296 58 Gneſnenſem.

108 1765 953 78 Tempore Sarmatici quo regis in urbe Sabinus,

158 1829 899 66 Quæ tenet à Graccho condita nomen, eram:

100 1880 816 76 Eſt ubi iucundæ mihi conſuetudinis uſu

154 1936 675 105 Ianua noticæ præſul aperta tuæ,

916 1975 316 100 o 3 Blanda
